@Article{Nau99,
author = {Dana Nau and Yue Cao and Amnon Lotem and Hector Munez-Avila},
title = {SHOP: Simple Hierarchical Ordered Planner},
journal = {IJCAI},
year = {1999}
}

@Article{Nau03,
author = {Dana Nau and others},
title = {SHOP2: An HTN Planning System},
journal = {J. of AI Research},
year = {2003},
OPTkey = {•},
OPTvolume = {•},
OPTnumber = {20},
OPTpages = {379--404},
OPTmonth = {12},
OPTnote = {•},
OPTannote = {•}
}

@Article{Lin12,
author = {Ziheng Lin and Hwee Tou Ng and Min-Yen Kan},
title = {A PDTB-Styled End-to-End Discourse Parser},
journal = {Natural Language Engineering},
year = {2012},
OPTkey = {•},
OPTvolume = {•},
OPTnumber = {1},
OPTpages = {1--35},
OPTmonth = {•},
OPTnote = {•},
OPTannote = {•}
}

@Manual{PDTB,
title = {The Penn Discourse Treebank 2.0 Annotation Manual},
OPTkey = {•},
OPTauthor = {The PDTB Research Group},
OPTorganization = {Inst. for Research in Computer Science, University of Pennsylvania},
OPTaddress = {•},
OPTedition = {•},
OPTmonth = {•},
OPTyear = {2007},
OPTnote = {•},
OPTannote = {•}
}



